<?xml version="1.0" encoding="UTF-8"?>
<collection xmlns="http://www.loc.gov/MARC21/slim">
<record>
  <controlfield tag="001">1270566</controlfield>
  <controlfield tag="003">SzGeCERN</controlfield>
  <controlfield tag="005">20100608173533.0</controlfield>
  <datafield tag="041" ind1=" " ind2=" ">
    <subfield code="a">eng</subfield>
  </datafield>
  <datafield tag="100" ind1=" " ind2=" ">
    <subfield code="a">Igonkina, O</subfield>
    <subfield code="u">NIKHEF, Amsterdam</subfield>
  </datafield>
  <datafield tag="245" ind1=" " ind2=" ">
    <subfield code="a">Calorimetry triggering in ATLAS</subfield>
  </datafield>
  <datafield tag="260" ind1=" " ind2=" ">
    <subfield code="c">2009</subfield>
  </datafield>
  <datafield tag="520" ind1=" " ind2=" ">
    <subfield code="a">The ATLAS experiment is preparing for data taking at 14 TeV collision energy. A rich discovery physics program is being prepared in addition to the detailed study of Standard Model processes which will be produced in abundance. The ATLAS multi-level trigger system is designed to accept one event in 2 105 to enable the selection of rare and unusual physics events. The ATLAS calorimeter system is a precise instrument, which includes liquid Argon electro-magnetic and hadronic components as well as a scintillator-tile hadronic calorimeter. All these components are used in the various levels of the trigger system. A wide physics coverage is ensured by inclusively selecting events with candidate electrons, photons, taus, jets or those with large missing transverse energy. The commissioning of the trigger system is being performed with cosmic ray events and by replaying simulated Monte Carlo events through the trigger and data acquisition system.</subfield>
  </datafield>
  <datafield tag="650" ind1="1" ind2="7">
    <subfield code="2">SzGeCERN</subfield>
    <subfield code="a">XX</subfield>
  </datafield>
  <datafield tag="690" ind1="C" ind2=" ">
    <subfield code="a">ARTICLE</subfield>
  </datafield>
  <datafield tag="690" ind1="C" ind2=" ">
    <subfield code="a">CERN</subfield>
  </datafield>
  <datafield tag="693" ind1=" " ind2=" ">
    <subfield code="a">CERN LHC</subfield>
    <subfield code="e">ATLAS</subfield>
  </datafield>
  <datafield tag="700" ind1=" " ind2=" ">
    <subfield code="a">Achenbach, R</subfield>
    <subfield code="u">Kirchhoff Inst. Phys.</subfield>
  </datafield>
  <datafield tag="700" ind1=" " ind2=" ">
    <subfield code="a">Adragna, P</subfield>
    <subfield code="u">Queen Mary, U. of London</subfield>
  </datafield>
  <datafield tag="700" ind1=" " ind2=" ">
    <subfield code="a">Aharrouche, M</subfield>
    <subfield code="u">Mainz U., Inst. Phys.</subfield>
  </datafield>
  <datafield tag="700" ind1=" " ind2=" ">
    <subfield code="a">Alexandre, G</subfield>
    <subfield code="u">Geneva U.</subfield>
  </datafield>
  <datafield tag="700" ind1=" " ind2=" ">
    <subfield code="a">Andrei, V</subfield>
    <subfield code="u">Kirchhoff Inst. Phys.</subfield>
  </datafield>
  <datafield tag="700" ind1=" " ind2=" ">
    <subfield code="a">Anduaga, X</subfield>
    <subfield code="u">La Plata U.</subfield>
  </datafield>
  <datafield tag="700" ind1=" " ind2=" ">
    <subfield code="a">Aracena, I</subfield>
    <subfield code="u">SLAC</subfield>
  </datafield>
  <datafield tag="700" ind1=" " ind2=" ">
    <subfield code="a">Backlund, S</subfield>
    <subfield code="u">CERN</subfield>
  </datafield>
  <datafield tag="700" ind1=" " ind2=" ">
    <subfield code="a">Baines, J</subfield>
    <subfield code="u">Rutherford</subfield>
  </datafield>
  <datafield tag="700" ind1=" " ind2=" ">
    <subfield code="a">Barnett, B M</subfield>
    <subfield code="u">Rutherford</subfield>
  </datafield>
  <datafield tag="700" ind1=" " ind2=" ">
    <subfield code="a">Bauss, B</subfield>
    <subfield code="u">Mainz U., Inst. Phys.</subfield>
  </datafield>
  <datafield tag="700" ind1=" " ind2=" ">
    <subfield code="a">Bee, C</subfield>
    <subfield code="u">Marseille, CPPM</subfield>
  </datafield>
  <datafield tag="700" ind1=" " ind2=" ">
    <subfield code="a">Behera, P</subfield>
    <subfield code="u">Iowa State U.</subfield>
  </datafield>
  <datafield tag="700" ind1=" " ind2=" ">
    <subfield code="a">Bell, P</subfield>
    <subfield code="u">Manchester U.</subfield>
  </datafield>
  <datafield tag="700" ind1=" " ind2=" ">
    <subfield code="a">Bendel, M</subfield>
    <subfield code="u">Mainz U., Inst. Phys.</subfield>
  </datafield>
  <datafield tag="700" ind1=" " ind2=" ">
    <subfield code="a">Benslama, K</subfield>
    <subfield code="u">Regina U.</subfield>
  </datafield>
  <datafield tag="700" ind1=" " ind2=" ">
    <subfield code="a">Berry, T</subfield>
    <subfield code="u">Royal Holloway, U. of London</subfield>
  </datafield>
  <datafield tag="700" ind1=" " ind2=" ">
    <subfield code="a">Bogaerts, A</subfield>
    <subfield code="u">CERN</subfield>
  </datafield>
  <datafield tag="700" ind1=" " ind2=" ">
    <subfield code="a">Bohm, C</subfield>
    <subfield code="u">Stockholm U.</subfield>
  </datafield>
  <datafield tag="700" ind1=" " ind2=" ">
    <subfield code="a">Bold, T</subfield>
    <subfield code="u">UC, Irvine,</subfield>
    <subfield code="u">AGH-UST, Cracow</subfield>
  </datafield>
  <datafield tag="700" ind1=" " ind2=" ">
    <subfield code="a">Booth, J R A</subfield>
    <subfield code="u">Birmingham U.</subfield>
  </datafield>
  <datafield tag="700" ind1=" " ind2=" ">
    <subfield code="a">Bosman, M</subfield>
    <subfield code="u">Barcelona, IFAE</subfield>
  </datafield>
  <datafield tag="700" ind1=" " ind2=" ">
    <subfield code="a">Boyd, J</subfield>
    <subfield code="u">CERN</subfield>
  </datafield>
  <datafield tag="700" ind1=" " ind2=" ">
    <subfield code="a">Bracinik, J</subfield>
    <subfield code="u">Birmingham U.</subfield>
  </datafield>
  <datafield tag="700" ind1=" " ind2=" ">
    <subfield code="a">Brawn, I, P</subfield>
    <subfield code="u">Rutherford</subfield>
  </datafield>
  <datafield tag="700" ind1=" " ind2=" ">
    <subfield code="a">Brelier, B</subfield>
    <subfield code="u">Montreal U.</subfield>
  </datafield>
  <datafield tag="700" ind1=" " ind2=" ">
    <subfield code="a">Brooks, W</subfield>
    <subfield code="u">Santa Maria U., Valparaiso</subfield>
  </datafield>
  <datafield tag="700" ind1=" " ind2=" ">
    <subfield code="a">Brunet, S</subfield>
    <subfield code="u">DESY</subfield>
  </datafield>
  <datafield tag="700" ind1=" " ind2=" ">
    <subfield code="a">Bucci, F</subfield>
    <subfield code="u">Geneva U.</subfield>
  </datafield>
  <datafield tag="700" ind1=" " ind2=" ">
    <subfield code="a">Casadei, D</subfield>
    <subfield code="u">New York U.</subfield>
  </datafield>
  <datafield tag="700" ind1=" " ind2=" ">
    <subfield code="a">Casado, P</subfield>
    <subfield code="u">Barcelona, IFAE</subfield>
  </datafield>
  <datafield tag="700" ind1=" " ind2=" ">
    <subfield code="a">Cerri, A</subfield>
    <subfield code="u">CERN</subfield>
  </datafield>
  <datafield tag="700" ind1=" " ind2=" ">
    <subfield code="a">Charlton, D G</subfield>
    <subfield code="u">Birmingham U.</subfield>
  </datafield>
  <datafield tag="700" ind1=" " ind2=" ">
    <subfield code="a">Childers, J T</subfield>
    <subfield code="u">Kirchhoff Inst. Phys.</subfield>
  </datafield>
  <datafield tag="700" ind1=" " ind2=" ">
    <subfield code="a">Collins, N J</subfield>
    <subfield code="u">Birmingham U.</subfield>
  </datafield>
  <datafield tag="700" ind1=" " ind2=" ">
    <subfield code="a">Conde Muino, P</subfield>
    <subfield code="u">Lisbon, LIFEP</subfield>
  </datafield>
  <datafield tag="700" ind1=" " ind2=" ">
    <subfield code="a">Coura Torres, R</subfield>
    <subfield code="u">Rio de Janeiro Federal U.</subfield>
  </datafield>
  <datafield tag="700" ind1=" " ind2=" ">
    <subfield code="a">Cranmer, K</subfield>
    <subfield code="u">New York U.</subfield>
  </datafield>
  <datafield tag="700" ind1=" " ind2=" ">
    <subfield code="a">Curtis, C J</subfield>
    <subfield code="u">Birmingham U.</subfield>
  </datafield>
  <datafield tag="700" ind1=" " ind2=" ">
    <subfield code="a">Czyczula, Z</subfield>
    <subfield code="u">Bohr Inst.</subfield>
  </datafield>
  <datafield tag="700" ind1=" " ind2=" ">
    <subfield code="a">Dam, M</subfield>
    <subfield code="u">Bohr Inst.</subfield>
  </datafield>
  <datafield tag="700" ind1=" " ind2=" ">
    <subfield code="a">Damazio, D</subfield>
    <subfield code="u">Brookhaven</subfield>
  </datafield>
  <datafield tag="700" ind1=" " ind2=" ">
    <subfield code="a">Davis, A O</subfield>
    <subfield code="u">Rutherford</subfield>
  </datafield>
  <datafield tag="700" ind1=" " ind2=" ">
    <subfield code="a">De Santo, A</subfield>
    <subfield code="u">Royal Holloway, U. of London</subfield>
  </datafield>
  <datafield tag="700" ind1=" " ind2=" ">
    <subfield code="a">Degenhardt, J</subfield>
    <subfield code="u">Pennsylvania U.</subfield>
  </datafield>
  <datafield tag="700" ind1=" " ind2=" ">
    <subfield code="a">Delsart, P A</subfield>
    <subfield code="u">Montreal U.</subfield>
  </datafield>
  <datafield tag="700" ind1=" " ind2=" ">
    <subfield code="a">Demers, S</subfield>
    <subfield code="u">SLAC</subfield>
  </datafield>
  <datafield tag="700" ind1=" " ind2=" ">
    <subfield code="a">Demirkoz, B</subfield>
    <subfield code="u">CERN</subfield>
  </datafield>
  <datafield tag="700" ind1=" " ind2=" ">
    <subfield code="a">Di Mattia, A</subfield>
    <subfield code="u">Michigan State U.</subfield>
  </datafield>
  <datafield tag="700" ind1=" " ind2=" ">
    <subfield code="a">Diaz, M</subfield>
    <subfield code="u">Chile U., Catolica</subfield>
  </datafield>
  <datafield tag="700" ind1=" " ind2=" ">
    <subfield code="a">Djilkibaev, R</subfield>
    <subfield code="u">New York U.</subfield>
  </datafield>
  <datafield tag="700" ind1=" " ind2=" ">
    <subfield code="a">Dobson, E</subfield>
    <subfield code="u">Oxford U.</subfield>
  </datafield>
  <datafield tag="700" ind1=" " ind2=" ">
    <subfield code="a">Dova, M, T</subfield>
    <subfield code="u">La Plata U.</subfield>
  </datafield>
  <datafield tag="700" ind1=" " ind2=" ">
    <subfield code="a">Dufour, M A</subfield>
    <subfield code="u">McGill U.</subfield>
  </datafield>
  <datafield tag="700" ind1=" " ind2=" ">
    <subfield code="a">Eckweiler, S</subfield>
    <subfield code="u">Mainz U., Inst. Phys.</subfield>
  </datafield>
  <datafield tag="700" ind1=" " ind2=" ">
    <subfield code="a">Ehrenfeld, W</subfield>
    <subfield code="u">Hamburg U.,</subfield>
    <subfield code="u">DESY</subfield>
  </datafield>
  <datafield tag="700" ind1=" " ind2=" ">
    <subfield code="a">Eifert, T</subfield>
    <subfield code="u">Geneva U.</subfield>
  </datafield>
  <datafield tag="700" ind1=" " ind2=" ">
    <subfield code="a">Eisenhandler, E</subfield>
    <subfield code="u">Queen Mary, U. of London</subfield>
  </datafield>
  <datafield tag="700" ind1=" " ind2=" ">
    <subfield code="a">Ellis, N</subfield>
    <subfield code="u">CERN</subfield>
  </datafield>
  <datafield tag="700" ind1=" " ind2=" ">
    <subfield code="a">Emeliyanov, D</subfield>
    <subfield code="u">Rutherford</subfield>
  </datafield>
  <datafield tag="700" ind1=" " ind2=" ">
    <subfield code="a">Enoque Ferreira de Lima, D</subfield>
    <subfield code="u">Rio de Janeiro Federal U.</subfield>
  </datafield>
  <datafield tag="700" ind1=" " ind2=" ">
    <subfield code="a">Faulkner, P J W</subfield>
    <subfield code="u">Birmingham U.</subfield>
  </datafield>
  <datafield tag="700" ind1=" " ind2=" ">
    <subfield code="a">Ferland, J</subfield>
    <subfield code="u">Montreal U.</subfield>
  </datafield>
  <datafield tag="700" ind1=" " ind2=" ">
    <subfield code="a">Flacher, H</subfield>
    <subfield code="u">CERN</subfield>
  </datafield>
  <datafield tag="700" ind1=" " ind2=" ">
    <subfield code="a">Fleckner, J E</subfield>
    <subfield code="u">Kirchhoff Inst. Phys.</subfield>
  </datafield>
  <datafield tag="700" ind1=" " ind2=" ">
    <subfield code="a">Flowerdew, M</subfield>
    <subfield code="u">Liverpool U.</subfield>
  </datafield>
  <datafield tag="700" ind1=" " ind2=" ">
    <subfield code="a">Fonseca-Martin, T</subfield>
    <subfield code="u">Royal Holloway, U. of London</subfield>
  </datafield>
  <datafield tag="700" ind1=" " ind2=" ">
    <subfield code="a">Fratina, S</subfield>
    <subfield code="u">Pennsylvania U.</subfield>
  </datafield>
  <datafield tag="700" ind1=" " ind2=" ">
    <subfield code="a">Fhlisch, F</subfield>
    <subfield code="u">Kirchhoff Inst. Phys.</subfield>
  </datafield>
  <datafield tag="700" ind1=" " ind2=" ">
    <subfield code="a">Gadomski, S</subfield>
    <subfield code="u">Geneva U.</subfield>
  </datafield>
  <datafield tag="700" ind1=" " ind2=" ">
    <subfield code="a">Gallacher, M P</subfield>
    <subfield code="u">Birmingham U.</subfield>
  </datafield>
  <datafield tag="700" ind1=" " ind2=" ">
    <subfield code="a">Garitaonandia Elejabarrieta, H</subfield>
    <subfield code="u">NIKHEF, Amsterdam</subfield>
  </datafield>
  <datafield tag="700" ind1=" " ind2=" ">
    <subfield code="a">Gee, C N P</subfield>
    <subfield code="u">Rutherford</subfield>
  </datafield>
  <datafield tag="700" ind1=" " ind2=" ">
    <subfield code="a">George, S</subfield>
    <subfield code="u">Royal Holloway, U. of London</subfield>
  </datafield>
  <datafield tag="700" ind1=" " ind2=" ">
    <subfield code="a">Gillman, A R</subfield>
    <subfield code="u">Rutherford</subfield>
  </datafield>
  <datafield tag="700" ind1=" " ind2=" ">
    <subfield code="a">Goncalo, R</subfield>
    <subfield code="u">Royal Holloway, U. of London</subfield>
  </datafield>
  <datafield tag="700" ind1=" " ind2=" ">
    <subfield code="a">Grabowska-Bold, I</subfield>
    <subfield code="u">AGH-UST, Cracow</subfield>
  </datafield>
  <datafield tag="700" ind1=" " ind2=" ">
    <subfield code="a">Groll, M</subfield>
    <subfield code="u">Mainz U., Inst. Phys.</subfield>
  </datafield>
  <datafield tag="700" ind1=" " ind2=" ">
    <subfield code="a">Gringer, C</subfield>
    <subfield code="u">Mainz U., Inst. Phys.</subfield>
  </datafield>
  <datafield tag="700" ind1=" " ind2=" ">
    <subfield code="a">Hadley, D R</subfield>
    <subfield code="u">Birmingham U.</subfield>
  </datafield>
  <datafield tag="700" ind1=" " ind2=" ">
    <subfield code="a">Haller, J</subfield>
    <subfield code="u">Hamburg U.,</subfield>
    <subfield code="u">DESY</subfield>
  </datafield>
  <datafield tag="700" ind1=" " ind2=" ">
    <subfield code="a">Hamilton, A</subfield>
    <subfield code="u">Geneva U.</subfield>
  </datafield>
  <datafield tag="700" ind1=" " ind2=" ">
    <subfield code="a">Hanke, P</subfield>
    <subfield code="u">Kirchhoff Inst. Phys.</subfield>
  </datafield>
  <datafield tag="700" ind1=" " ind2=" ">
    <subfield code="a">Hauser, R</subfield>
    <subfield code="u">Michigan State U.</subfield>
  </datafield>
  <datafield tag="700" ind1=" " ind2=" ">
    <subfield code="a">Hellman, S</subfield>
    <subfield code="u">Stockholm U.</subfield>
  </datafield>
  <datafield tag="700" ind1=" " ind2=" ">
    <subfield code="a">Hidvgi, A</subfield>
    <subfield code="u">Stockholm U.</subfield>
  </datafield>
  <datafield tag="700" ind1=" " ind2=" ">
    <subfield code="a">Hillier, S J</subfield>
    <subfield code="u">Birmingham U.</subfield>
  </datafield>
  <datafield tag="700" ind1=" " ind2=" ">
    <subfield code="a">Hryn'ova, T</subfield>
    <subfield code="u">CERN</subfield>
  </datafield>
  <datafield tag="700" ind1=" " ind2=" ">
    <subfield code="a">Idarraga, J</subfield>
    <subfield code="u">Montreal U.</subfield>
  </datafield>
  <datafield tag="700" ind1=" " ind2=" ">
    <subfield code="a">Johansen, M</subfield>
    <subfield code="u">Stockholm U.</subfield>
  </datafield>
  <datafield tag="700" ind1=" " ind2=" ">
    <subfield code="a">Johns, K</subfield>
    <subfield code="u">Arizona U.</subfield>
  </datafield>
  <datafield tag="700" ind1=" " ind2=" ">
    <subfield code="a">Kalinowski, A</subfield>
    <subfield code="u">Regina U.</subfield>
  </datafield>
  <datafield tag="700" ind1=" " ind2=" ">
    <subfield code="a">Khoriauli, G</subfield>
    <subfield code="u">Regina U.</subfield>
  </datafield>
  <datafield tag="700" ind1=" " ind2=" ">
    <subfield code="a">Kirk, J</subfield>
    <subfield code="u">Rutherford</subfield>
  </datafield>
  <datafield tag="700" ind1=" " ind2=" ">
    <subfield code="a">Klous, S</subfield>
    <subfield code="u">NIKHEF, Amsterdam</subfield>
  </datafield>
  <datafield tag="700" ind1=" " ind2=" ">
    <subfield code="a">Kluge, E-E</subfield>
    <subfield code="u">Kirchhoff Inst. Phys.</subfield>
  </datafield>
  <datafield tag="700" ind1=" " ind2=" ">
    <subfield code="a">Koeneke, K</subfield>
    <subfield code="u">DESY</subfield>
  </datafield>
  <datafield tag="700" ind1=" " ind2=" ">
    <subfield code="a">Konoplich, R</subfield>
    <subfield code="u">New York U.</subfield>
  </datafield>
  <datafield tag="700" ind1=" " ind2=" ">
    <subfield code="a">Konstantinidis, N</subfield>
    <subfield code="u">University Coll. London</subfield>
  </datafield>
  <datafield tag="700" ind1=" " ind2=" ">
    <subfield code="a">Kwee, R</subfield>
    <subfield code="u">Humboldt U., Berlin</subfield>
  </datafield>
  <datafield tag="700" ind1=" " ind2=" ">
    <subfield code="a">Landon, M</subfield>
    <subfield code="u">Queen Mary, U. of London</subfield>
  </datafield>
  <datafield tag="700" ind1=" " ind2=" ">
    <subfield code="a">LeCompte, T</subfield>
    <subfield code="u">Argonne</subfield>
  </datafield>
  <datafield tag="700" ind1=" " ind2=" ">
    <subfield code="a">Ledroit, F</subfield>
    <subfield code="u">LPSC, Grenoble</subfield>
  </datafield>
  <datafield tag="700" ind1=" " ind2=" ">
    <subfield code="a">Lei, X</subfield>
    <subfield code="u">Arizona U.</subfield>
  </datafield>
  <datafield tag="700" ind1=" " ind2=" ">
    <subfield code="a">Lendermann, V</subfield>
    <subfield code="u">Kirchhoff Inst. Phys.</subfield>
  </datafield>
  <datafield tag="700" ind1=" " ind2=" ">
    <subfield code="a">Lilley, J N</subfield>
    <subfield code="u">Birmingham U.</subfield>
  </datafield>
  <datafield tag="700" ind1=" " ind2=" ">
    <subfield code="a">Losada, M</subfield>
    <subfield code="u">Antonio Narino U.</subfield>
  </datafield>
  <datafield tag="700" ind1=" " ind2=" ">
    <subfield code="a">Maettig, S</subfield>
    <subfield code="u">Hamburg U.,</subfield>
    <subfield code="u">DESY</subfield>
  </datafield>
  <datafield tag="700" ind1=" " ind2=" ">
    <subfield code="a">Mahboubi, K</subfield>
    <subfield code="u">Kirchhoff Inst. Phys.</subfield>
  </datafield>
  <datafield tag="700" ind1=" " ind2=" ">
    <subfield code="a">Mahout, G</subfield>
    <subfield code="u">Birmingham U.</subfield>
  </datafield>
  <datafield tag="700" ind1=" " ind2=" ">
    <subfield code="a">Maltrana, D</subfield>
    <subfield code="u">Chile U., Catolica</subfield>
  </datafield>
  <datafield tag="700" ind1=" " ind2=" ">
    <subfield code="a">Marino, C</subfield>
    <subfield code="u">Indiana U.</subfield>
  </datafield>
  <datafield tag="700" ind1=" " ind2=" ">
    <subfield code="a">Masik, J</subfield>
    <subfield code="u">Manchester U.</subfield>
  </datafield>
  <datafield tag="700" ind1=" " ind2=" ">
    <subfield code="a">Meier, K</subfield>
    <subfield code="u">Kirchhoff Inst. Phys.</subfield>
  </datafield>
  <datafield tag="700" ind1=" " ind2=" ">
    <subfield code="a">Middleton, R P</subfield>
    <subfield code="u">Rutherford</subfield>
  </datafield>
  <datafield tag="700" ind1=" " ind2=" ">
    <subfield code="a">Mincer, A</subfield>
    <subfield code="u">New York U.</subfield>
  </datafield>
  <datafield tag="700" ind1=" " ind2=" ">
    <subfield code="a">Moa, T</subfield>
    <subfield code="u">Stockholm U.</subfield>
  </datafield>
  <datafield tag="700" ind1=" " ind2=" ">
    <subfield code="a">Monticelli, F</subfield>
    <subfield code="u">La Plata U.</subfield>
  </datafield>
  <datafield tag="700" ind1=" " ind2=" ">
    <subfield code="a">Moreno, D</subfield>
    <subfield code="u">Antonio Narino U.</subfield>
  </datafield>
  <datafield tag="700" ind1=" " ind2=" ">
    <subfield code="a">Morris, J D</subfield>
    <subfield code="u">Queen Mary, U. of London</subfield>
  </datafield>
  <datafield tag="700" ind1=" " ind2=" ">
    <subfield code="a">Mller, F</subfield>
    <subfield code="u">Kirchhoff Inst. Phys.</subfield>
  </datafield>
  <datafield tag="700" ind1=" " ind2=" ">
    <subfield code="a">Navarro, G A</subfield>
    <subfield code="u">Antonio Narino U.</subfield>
  </datafield>
  <datafield tag="700" ind1=" " ind2=" ">
    <subfield code="a">Negri, A</subfield>
    <subfield code="u">Pavia</subfield>
  </datafield>
  <datafield tag="700" ind1=" " ind2=" ">
    <subfield code="a">Nemethy, P</subfield>
    <subfield code="u">New York U.</subfield>
  </datafield>
  <datafield tag="700" ind1=" " ind2=" ">
    <subfield code="a">Neusiedl, A</subfield>
    <subfield code="u">Mainz U., Inst. Phys.</subfield>
  </datafield>
  <datafield tag="700" ind1=" " ind2=" ">
    <subfield code="a">Oltmann, B</subfield>
    <subfield code="u">Mainz U., Inst. Phys.</subfield>
  </datafield>
  <datafield tag="700" ind1=" " ind2=" ">
    <subfield code="a">Olvito, D</subfield>
    <subfield code="u">Pennsylvania U.</subfield>
  </datafield>
  <datafield tag="700" ind1=" " ind2=" ">
    <subfield code="a">Osuna, C</subfield>
    <subfield code="u">Barcelona, IFAE</subfield>
  </datafield>
  <datafield tag="700" ind1=" " ind2=" ">
    <subfield code="a">Padilla, C</subfield>
    <subfield code="u">Barcelona, IFAE</subfield>
  </datafield>
  <datafield tag="700" ind1=" " ind2=" ">
    <subfield code="a">Panes, B</subfield>
    <subfield code="u">Chile U., Catolica</subfield>
  </datafield>
  <datafield tag="700" ind1=" " ind2=" ">
    <subfield code="a">Parodi, F</subfield>
    <subfield code="u">Genova U.</subfield>
    <subfield code="u">INFN, Genova</subfield>
  </datafield>
  <datafield tag="700" ind1=" " ind2=" ">
    <subfield code="a">Perera, V J O</subfield>
    <subfield code="u">Rutherford</subfield>
  </datafield>
  <datafield tag="700" ind1=" " ind2=" ">
    <subfield code="a">Perez, E</subfield>
    <subfield code="u">Barcelona, IFAE</subfield>
  </datafield>
  <datafield tag="700" ind1=" " ind2=" ">
    <subfield code="a">Perez Reale, V</subfield>
    <subfield code="u">Nevis Labs, Columbia U.</subfield>
  </datafield>
  <datafield tag="700" ind1=" " ind2=" ">
    <subfield code="a">Petersen, B</subfield>
    <subfield code="u">CERN</subfield>
  </datafield>
  <datafield tag="700" ind1=" " ind2=" ">
    <subfield code="a">Pinzon, G</subfield>
    <subfield code="u">Antonio Narino U.</subfield>
  </datafield>
  <datafield tag="700" ind1=" " ind2=" ">
    <subfield code="a">Potter, C</subfield>
    <subfield code="u">McGill U.</subfield>
  </datafield>
  <datafield tag="700" ind1=" " ind2=" ">
    <subfield code="a">Prieur, D P F</subfield>
    <subfield code="u">Rutherford</subfield>
  </datafield>
  <datafield tag="700" ind1=" " ind2=" ">
    <subfield code="a">Prokishin, F</subfield>
    <subfield code="u">Santa Maria U., Valparaiso</subfield>
  </datafield>
  <datafield tag="700" ind1=" " ind2=" ">
    <subfield code="a">Qian, W</subfield>
    <subfield code="u">Rutherford</subfield>
  </datafield>
  <datafield tag="700" ind1=" " ind2=" ">
    <subfield code="a">Quinonez, F</subfield>
    <subfield code="u">Chile U., Catolica</subfield>
  </datafield>
  <datafield tag="700" ind1=" " ind2=" ">
    <subfield code="a">Rajagopalan, S</subfield>
    <subfield code="u">Brookhaven</subfield>
  </datafield>
  <datafield tag="700" ind1=" " ind2=" ">
    <subfield code="a">Reinsch, A</subfield>
    <subfield code="u">Oregon U.</subfield>
  </datafield>
  <datafield tag="700" ind1=" " ind2=" ">
    <subfield code="a">Rieke, S</subfield>
    <subfield code="u">Mainz U., Inst. Phys.</subfield>
  </datafield>
  <datafield tag="700" ind1=" " ind2=" ">
    <subfield code="a">Riu, I</subfield>
    <subfield code="u">Barcelona, IFAE</subfield>
  </datafield>
  <datafield tag="700" ind1=" " ind2=" ">
    <subfield code="a">Robertson, S</subfield>
    <subfield code="u">McGill U.</subfield>
  </datafield>
  <datafield tag="700" ind1=" " ind2=" ">
    <subfield code="a">Rodriguez, D</subfield>
    <subfield code="u">Antonio Narino U.</subfield>
  </datafield>
  <datafield tag="700" ind1=" " ind2=" ">
    <subfield code="a">Rogriquez, Y</subfield>
    <subfield code="u">Antonio Narino U.</subfield>
  </datafield>
  <datafield tag="700" ind1=" " ind2=" ">
    <subfield code="a">Rhr, F</subfield>
    <subfield code="u">Kirchhoff Inst. Phys.</subfield>
  </datafield>
  <datafield tag="700" ind1=" " ind2=" ">
    <subfield code="a">Saavedra, A</subfield>
    <subfield code="u">Sydney U.</subfield>
  </datafield>
  <datafield tag="700" ind1=" " ind2=" ">
    <subfield code="a">Sankey, D P C</subfield>
    <subfield code="u">Rutherford</subfield>
  </datafield>
  <datafield tag="700" ind1=" " ind2=" ">
    <subfield code="a">Santamarina, C</subfield>
    <subfield code="u">McGill U.</subfield>
  </datafield>
  <datafield tag="700" ind1=" " ind2=" ">
    <subfield code="a">Santamarina, Rios, C</subfield>
    <subfield code="u">McGill U.</subfield>
  </datafield>
  <datafield tag="700" ind1=" " ind2=" ">
    <subfield code="a">Scannicchio, D</subfield>
    <subfield code="u">Pavia</subfield>
  </datafield>
  <datafield tag="700" ind1=" " ind2=" ">
    <subfield code="a">Schiavi, C</subfield>
    <subfield code="u">Genova U.</subfield>
    <subfield code="u">INFN, Genova</subfield>
  </datafield>
  <datafield tag="700" ind1=" " ind2=" ">
    <subfield code="a">Schmitt, K</subfield>
    <subfield code="u">Kirchhoff Inst. Phys.</subfield>
  </datafield>
  <datafield tag="700" ind1=" " ind2=" ">
    <subfield code="a">Schultz-Coulon, H C</subfield>
    <subfield code="u">Kirchhoff Inst. Phys.</subfield>
  </datafield>
  <datafield tag="700" ind1=" " ind2=" ">
    <subfield code="a">Schfer, U</subfield>
    <subfield code="u">Mainz U., Inst. Phys.</subfield>
  </datafield>
  <datafield tag="700" ind1=" " ind2=" ">
    <subfield code="a">Segura, E</subfield>
    <subfield code="u">Barcelona, IFAE</subfield>
  </datafield>
  <datafield tag="700" ind1=" " ind2=" ">
    <subfield code="a">Silverstein, D</subfield>
    <subfield code="u">SLAC</subfield>
  </datafield>
  <datafield tag="700" ind1=" " ind2=" ">
    <subfield code="a">Silverstein, S</subfield>
    <subfield code="u">Stockholm U.</subfield>
  </datafield>
  <datafield tag="700" ind1=" " ind2=" ">
    <subfield code="a">Sivoklokov, S</subfield>
    <subfield code="u">Moscow State U.</subfield>
  </datafield>
  <datafield tag="700" ind1=" " ind2=" ">
    <subfield code="a">Sjlin, J</subfield>
    <subfield code="u">Stockholm U.</subfield>
  </datafield>
  <datafield tag="700" ind1=" " ind2=" ">
    <subfield code="a">Staley, R J</subfield>
    <subfield code="u">Birmingham U.</subfield>
  </datafield>
  <datafield tag="700" ind1=" " ind2=" ">
    <subfield code="a">Stamen, R</subfield>
    <subfield code="u">Kirchhoff Inst. Phys.</subfield>
  </datafield>
  <datafield tag="700" ind1=" " ind2=" ">
    <subfield code="a">Stelzer, J</subfield>
    <subfield code="u">DESY</subfield>
  </datafield>
  <datafield tag="700" ind1=" " ind2=" ">
    <subfield code="a">Stockton, M C</subfield>
    <subfield code="u">Birmingham U.</subfield>
  </datafield>
  <datafield tag="700" ind1=" " ind2=" ">
    <subfield code="a">Straessner, A</subfield>
    <subfield code="u">Geneva U.</subfield>
  </datafield>
  <datafield tag="700" ind1=" " ind2=" ">
    <subfield code="a">Strom, D</subfield>
    <subfield code="u">Oregon U.</subfield>
  </datafield>
  <datafield tag="700" ind1=" " ind2=" ">
    <subfield code="a">Sushkov, S</subfield>
    <subfield code="u">Barcelona, IFAE</subfield>
  </datafield>
  <datafield tag="700" ind1=" " ind2=" ">
    <subfield code="a">Sutton, M</subfield>
    <subfield code="u">University Coll. London</subfield>
  </datafield>
  <datafield tag="700" ind1=" " ind2=" ">
    <subfield code="a">Tamsett, M</subfield>
    <subfield code="u">Royal Holloway, U. of London</subfield>
  </datafield>
  <datafield tag="700" ind1=" " ind2=" ">
    <subfield code="a">Tan, C L A</subfield>
    <subfield code="u">Birmingham U.</subfield>
  </datafield>
  <datafield tag="700" ind1=" " ind2=" ">
    <subfield code="a">Tapprogge, S</subfield>
    <subfield code="u">Mainz U., Inst. Phys.</subfield>
  </datafield>
  <datafield tag="700" ind1=" " ind2=" ">
    <subfield code="a">Thomas, J P</subfield>
    <subfield code="u">Birmingham U.</subfield>
  </datafield>
  <datafield tag="700" ind1=" " ind2=" ">
    <subfield code="a">Thompson, P D</subfield>
    <subfield code="u">Birmingham U.</subfield>
  </datafield>
  <datafield tag="700" ind1=" " ind2=" ">
    <subfield code="a">Torrence, E</subfield>
    <subfield code="u">Oregon U.</subfield>
  </datafield>
  <datafield tag="700" ind1=" " ind2=" ">
    <subfield code="a">Tripiana, M</subfield>
    <subfield code="u">La Plata U.</subfield>
  </datafield>
  <datafield tag="700" ind1=" " ind2=" ">
    <subfield code="a">Urquijo, P</subfield>
    <subfield code="u">Geneva U.</subfield>
  </datafield>
  <datafield tag="700" ind1=" " ind2=" ">
    <subfield code="a">Urrejola, P</subfield>
    <subfield code="u">Chile U., Catolica</subfield>
  </datafield>
  <datafield tag="700" ind1=" " ind2=" ">
    <subfield code="a">Vachon, B</subfield>
    <subfield code="u">McGill U.</subfield>
  </datafield>
  <datafield tag="700" ind1=" " ind2=" ">
    <subfield code="a">Vercesi, V</subfield>
    <subfield code="u">Pavia</subfield>
  </datafield>
  <datafield tag="700" ind1=" " ind2=" ">
    <subfield code="a">Vorwerk, V</subfield>
    <subfield code="u">Barcelona, IFAE</subfield>
  </datafield>
  <datafield tag="700" ind1=" " ind2=" ">
    <subfield code="a">Wang, M</subfield>
    <subfield code="u">Regina U.</subfield>
  </datafield>
  <datafield tag="700" ind1=" " ind2=" ">
    <subfield code="a">Watkins, P M</subfield>
    <subfield code="u">Birmingham U.</subfield>
  </datafield>
  <datafield tag="700" ind1=" " ind2=" ">
    <subfield code="a">Watson, A</subfield>
    <subfield code="u">Birmingham U.</subfield>
  </datafield>
  <datafield tag="700" ind1=" " ind2=" ">
    <subfield code="a">Weber, P</subfield>
    <subfield code="u">Kirchhoff Inst. Phys.</subfield>
  </datafield>
  <datafield tag="700" ind1=" " ind2=" ">
    <subfield code="a">Weidberg, T</subfield>
    <subfield code="u">Oxford U.</subfield>
  </datafield>
  <datafield tag="700" ind1=" " ind2=" ">
    <subfield code="a">Werner, P</subfield>
    <subfield code="u">CERN</subfield>
  </datafield>
  <datafield tag="700" ind1=" " ind2=" ">
    <subfield code="a">Wessels, M</subfield>
    <subfield code="u">Kirchhoff Inst. Phys.</subfield>
  </datafield>
  <datafield tag="700" ind1=" " ind2=" ">
    <subfield code="a">Wheeler-Ellis, S</subfield>
    <subfield code="u">UC, Irvine</subfield>
  </datafield>
  <datafield tag="700" ind1=" " ind2=" ">
    <subfield code="a">Whiteson, D</subfield>
    <subfield code="u">UC, Irvine</subfield>
  </datafield>
  <datafield tag="700" ind1=" " ind2=" ">
    <subfield code="a">Wiedenmann, W</subfield>
    <subfield code="u">Wisconsin U., Madison</subfield>
  </datafield>
  <datafield tag="700" ind1=" " ind2=" ">
    <subfield code="a">Wielers, M</subfield>
    <subfield code="u">Rutherford</subfield>
  </datafield>
  <datafield tag="700" ind1=" " ind2=" ">
    <subfield code="a">Wildt, M</subfield>
    <subfield code="u">Mainz U., Inst. Phys.</subfield>
  </datafield>
  <datafield tag="700" ind1=" " ind2=" ">
    <subfield code="a">Winklmeier, F</subfield>
    <subfield code="u">CERN</subfield>
  </datafield>
  <datafield tag="700" ind1=" " ind2=" ">
    <subfield code="a">Wu, X</subfield>
    <subfield code="u">Geneva U.</subfield>
  </datafield>
  <datafield tag="700" ind1=" " ind2=" ">
    <subfield code="a">Xella, S</subfield>
    <subfield code="u">Bohr Inst.</subfield>
  </datafield>
  <datafield tag="700" ind1=" " ind2=" ">
    <subfield code="a">Zhao, L</subfield>
    <subfield code="u">New York U.</subfield>
  </datafield>
  <datafield tag="700" ind1=" " ind2=" ">
    <subfield code="a">Zobernig, H</subfield>
    <subfield code="u">Wisconsin U., Madison</subfield>
  </datafield>
  <datafield tag="700" ind1=" " ind2=" ">
    <subfield code="a">de Seixas, J M</subfield>
    <subfield code="u">Rio de Janeiro Federal U.</subfield>
  </datafield>
  <datafield tag="700" ind1=" " ind2=" ">
    <subfield code="a">dos Anjos, A</subfield>
    <subfield code="u">Wisconsin U., Madison</subfield>
  </datafield>
  <datafield tag="700" ind1=" " ind2=" ">
    <subfield code="a">Asman, B</subfield>
    <subfield code="u">Stockholm U.</subfield>
  </datafield>
  <datafield tag="700" ind1=" " ind2=" ">
    <subfield code="a">Özcan, E</subfield>
    <subfield code="u">University Coll. London</subfield>
  </datafield>
  <datafield tag="710" ind1=" " ind2=" ">
    <subfield code="5">PH-EP</subfield>
  </datafield>
  <datafield tag="909" ind1="C" ind2="4">
    <subfield code="a">10.1088/1742-6596/160/1/012061</subfield>
    <subfield code="c">012061</subfield>
    <subfield code="p">J. Phys.: Conf. Ser.</subfield>
    <subfield code="v">160</subfield>
    <subfield code="y">2009</subfield>
  </datafield>
  <datafield tag="916" ind1=" " ind2=" ">
    <subfield code="s">h</subfield>
    <subfield code="w">201023</subfield>
    <subfield code="y">a2009</subfield>
  </datafield>
  <datafield tag="960" ind1=" " ind2=" ">
    <subfield code="a">13</subfield>
  </datafield>
  <datafield tag="961" ind1=" " ind2=" ">
    <subfield code="c">20100608</subfield>
    <subfield code="h">1735</subfield>
    <subfield code="l">CER01</subfield>
    <subfield code="x">20100608</subfield>
  </datafield>
  <datafield tag="962" ind1=" " ind2=" ">
    <subfield code="b">002692944</subfield>
    <subfield code="k">012061</subfield>
    <subfield code="n">pavia20080526</subfield>
  </datafield>
  <datafield tag="963" ind1=" " ind2=" ">
    <subfield code="a">PUBLIC</subfield>
  </datafield>
  <datafield tag="970" ind1=" " ind2=" ">
    <subfield code="a">002901787CER</subfield>
  </datafield>
  <datafield tag="980" ind1=" " ind2=" ">
    <subfield code="a">ARTICLE</subfield>
  </datafield>
</record>
</collection>
